
@inproceedings{gautheron:hal-03047153,
  TITLE = {{Longform recordings : Opportunities and challenges}},
  AUTHOR = {Gautheron, Lucas and Lavechin, Marvin and Riad, Rachid and Scaff, Camila and Cristia, Alejandrina},
  URL = {https://hal.archives-ouvertes.fr/hal-03047153},
  BOOKTITLE = {{LIFT 2020 - 2èmes journées scientifiques du Groupement de Recherche ''Linguistique informatique, formelle et de terrain''}},
  ADDRESS = {Montrouge / Virtual, France},
  EDITOR = {Poibeau, Thierry and Parmentier, Yannick and Schang, Emmanuel},
  PUBLISHER = {{CNRS}},
  PAGES = {64-71},
  YEAR = {2020},
  MONTH = Dec,
  KEYWORDS = {daylong recordings ; ecological validity ; automatic speech processing},
  HAL_ID = {hal-03047153},
  HAL_VERSION = {v1},
  credit = {Writing - Original Draft}
}

@article{Lavechin2022,
  doi = {10.1146/annurev-linguistics-031120-122120},
  url = {https://www.annualreviews.org/doi/full/10.1146/annurev-linguistics-031120-122120},
  year = {2022},
  month = jan,
  publisher = {Annual Reviews},
  volume = {8},
  number = {1},
  pages = {389--407},
  author = {Marvin Lavechin and Maureen de Seyssel and Lucas Gautheron and Emmanuel Dupoux and Alejandrina Cristia},
  title = {Reverse Engineering Language Acquisition with Child-Centered Long-Form Recordings},
  journal = {Annual Review of Linguistics},
  credit = {Writing - Review & Editing}
}

@article{Gautheron2022,
  doi = {10.1007/s10579-022-09579-3},
  url = {https://link.springer.com/10.1007/s10579-022-09579-3},
  year = {2022},
  month = feb,
  publisher = {Springer Science and Business Media {LLC}},
  author = {Lucas Gautheron and Nicolas Rochat and Alejandrina Cristia},
  title = {Managing,  storing,  and sharing long-form recordings and their annotations},
  journal = {Language Resources and Evaluation},
  credit = {Conceptualization,Software,Writing - Original Draft}
}