@unpublished{wuppertal2022,
title= {Who trusts supersymmetry? Probing quantitative methods for investigating research orientations in High-Energy Physics},
author = {Lucas Gautheron},
year = {2022},
month = mar,
note= {4th International Spring School of the Epistemology of the Large Hadron Collider: The History, Philosophy and Sociology of Large Scale Experiments, Wuppertal, Germany},
keywords={talks},
url={https://www.lhc-epistemologie.uni-wuppertal.de/events/events/spring-school-2022-1}
}

@unpublished{hss2022,
title= {The many faces of supersymmetry: Supersymmetry across subcultures of High-Energy Physics, 1971--2019},
author = {Lucas Gautheron},
year = {2022},
month = nov,
note={2022 History of Science Society Annual Meeting: group session on Historical Epistemology of Particle Physics
and Quantum Gravity, Chicago, IL, United States},
keywords={talks},
url={https://hssonline.org/page/hss22}
}

@unpublished{sfhst2023,
title= {La désunité de la physique des hautes-énergies},
author = {Lucas Gautheron},
year = {2023},
month = apr,
note={XIVe Congrès de la Société française d'histoire des sciences et des techniques: symposium ``La physique de l'après Seconde guerre mondiale, entre ruptures et continuités'', Bordeaux, France},
keywords={talks},
url={https://sfhst-2023.sciencesconf.org/}
}

@unpublished{bigdatahps2023,
    title= {Probing Socio-Epistemic Dynamics in High-Energy Physics Using the Inspire HEP Database},
    author = {Lucas Gautheron},
    year = {2023},
    month = may,
    note = {Big Data \& HPS},
    keywords = {talks},
    url = {https://scientoconference.com/bigdatahps2023/}
}

